%% Please, use macros for conferences/journals.
%%% Conferences/Journals should be capitalized American-style, with their acronym displayed beside them.
%%% If phrases like "Symposium on" or "International Conference on" come before a conference name and it is _not_ part of the acronym, then they should be removed.

% Conferences and Journals
%% Programming Languages
@string{POPL="Principles of Programming Languages ({POPL})"}
@string{PLDI="Programming Languages Design and Implementation ({PLDI})"}
@string{APLAS="Asian Symposium on Programming Languages and Systems ({APLAS})"}
@string{TLDI="Types in Language Design and Implementation ({TLDI})"}
@string{TLCA="Typed Lambda Calculi and Applications ({TLCA})"}
@string{MFPS="Mathematical Foundations of Programming Semantics ({MFPS})"}
@string{ESOP="European Symposium on Programming ({ESOP})"}
@string{ICALP="International Conference on Automata, Languages, and Programming ({ICALP})"}
@string{PEPM="Partial Evaluation and Program Manipulation ({PEPM})"}
@string{FACS="Formal Aspects of Component Software ({FACS})"}
@string{TPHOLs="Theorem Proving in Higher-Order Logics ({TPHOLs})"}
@string{TOPLAS="Transactions on Programming Languages and Systems ({TOPLAS})"}
@string{BSPL="Brazilian Symposium on Programming Languages ({SBLP})"}
@string{FMCO="Formal Methods for Components and Objects ({FMCO})"}

%% Functional Programming
@string{ICFP="International Conference on Functional Programming ({ICFP})"}
@string{MSFP="Mathematically Structured Functional Programming ({MSFP})"}
@string{PPDP="Principles and Practice of Declarative Programming ({PPDP})"}
@string{FLOPS="Functional and Logic Programming Symposium ({FLOPS})"}
@string{HASKELL="Haskell Symposium ({HASKELL})"}
@string{FPLCA="Functional Programming Languages and Computer Architecture ({FPLCA})"}
@string{JFP="Journal of Functional Programming ({JFP})"}
@string{AFP="Advanced Functional Programming ({AFP})"}

%% Security
@string{CSF="Computer Security Foundations ({CSF})"}
@string{CSFW="Computer Security Foundations Workshop ({CSFW})"}
@string{POST="Principles of Security and Trust ({POST})"}
@string{CCS="Computer and Communication Security ({CCS})"}
@string{PLAS="Programming Languages and Analysis for Security ({PLAS})"}
@string{ESORICS="European Symposium on Research in Computer Security ({ESORICS})"}
@string{SSP="Symposium on Security and Privacy ({SSP}) ({Oakland})"}
@string{STM="Security and Trust Management ({STM})"}
@string{JCS="Journal of Computer Security ({JCS})"}
@string{ISSS="International Symposium on Software Security ({ISSS})"}
@string{TISSEC="Transactions on Information and System Security ({TISSEC})"}
@string{JSAC="IEEE Journal on Selected Areas in Communications ({JSAC})"}
@string{POLICY="Policies for Distributed Systems and Networks (POLICY)"}
@string{JIS="International Journal of Information Security"}
@string{ISC="Information Security Conference ({ISC})"}

%% Logic
@string{JLC="Journal of Logic and Computation ({JLC})"}
@string{LICS="Logic in Computer Science ({LICS})"}
@string{CSL="Computer Science Logic ({CSL})"}
@string{LMCS="Logical Methods in Computer Science (LMCS)"}
@string{CADE="Conference on Automated Deduction ({CADE})"}
@string{LSFA="Logic and Semantic Frameworks, with Applications ({LSFA})"}
@string{TOCL="Transactions on Computational Logic ({TOCL})"}
@string{JLAMP="Journal of Logical and Algebraic Methods in Programming ({JLAMP})"}
@string{IMLA="Intuitionistic Modal Logic and Applications ({IMLA})"}
@string{PAL="Annals of Pure and Applied Logic"}
@string{DEON="Deontic Logic in Computer Science ({DEON})"}
@string{TARK="Theoretical Aspects of Reasoning about Knowledge ({TARK})"}
@string{JSL="Journal of Symbolic Logic"}
@string{TABLEAUX="Automated Reasoning with Analytic Tableaux and Related Methods ({TABLEAUX})"}
@string{ZMLGM="Zeitschrift f{\"u}r Mathematische Logik und Grundlagen der Mathematik"}

%% Theory
@string{FOSSACS="Foundations of Software Science and Computational Structures ({FOSSACS})"}
@string{MFCS="Mathematical Foundations of Computer Science ({MFCS})"}
@string{TCS="Theoretical Computer Science ({TCS})"}
@string{CMCS="Coalgebraic Methods in Computer Science ({CMCS})"}
@string{RelMiCS="Relational Methods in Computer Science ({RelMiCS})"}
@string{ICTAC="International Colloquium on Theoretical Aspects of Computing ({ICTAC})"}
@string{TACS="Theoretical Aspects of Computer Software (TACS)"}
@string{FOCS="Symposium on Foundations of Computer Science ({FOCS})"}
@string{CONCUR="Concurrency Theory ({CONCUR})"}
@string{SSM="Software \& Systems Modeling"}
@string{ACCS="Applications of Categories in Computer Science"}
@string{IC="Information and Computation"}

%% Systems
@string{SOSP="Symposium on Operating Systems Principles ({SOSP})"}
@string{CONCUR="Concurrency Theory ({CONCUR})"}
@string{SSM="Software \& Systems Modeling"}
@string{FMOODSFORTE="Formal Methods for Open Object-Based Distributed Systems ({FMOODS})/Formal Techniques for Distributed Objects, Components, and Systems ({FORTE})"}
@string{FMOODS="Formal Methods for Open Object-Based Distributed Systems ({FMOODS})"}
@string{FORTE="Formal Techniques for Distributed Objects, Components, and Systems ({FORTE})"}
@string{TOCS="Transactions on Computer Systems ({TOCS})"}

%% Pure Mathematics
@string{CATA="Categorical Aspects of Topology and Analysis"}
@string{AdM="Archiv der Mathematik"}
@string{ACS="Applied Categorical Structures"}
@string{STCHT="Seminar on Triples and Categorical Homology Theory"}
@string{CTHTTA="Category Theory, Homology Theory and Their Applications I"}

%% Misc
@string{CACM="Communications of the ACM ({CACM})"}
@string{CSUR="ACM Computing Surveys ({CSUR})"}
@string{WWW="The Web Conference ({WWW})"}
@string{TGC="Trustworthy Global Computer ({TGC})"}
@string{SAC="Symposium on Applied Computing ({SAC})"}
@string{Synthese="Synthese"}
@string{ISMIS="International Symposium on Methodologies for Intelligent Systems ({ISMIS})"}
@string{TAMS="Transactions of the American Mathematical Society"}
@string{JAR="Jounal of Automated Reasoning"}
@string{SCP="The Science of Computer Programming"}
@string{TCJ="The Computer Journal"}
@string{JUCS="Journal of Universal Computer Science"}
@string{CRASP="Comptes Rendus de l'Acad{\'e}mie des Sciences Paris"}

%%% I should try to have DOIs everywhere possible.

% References
@inproceedings{GenoveseGR12,
  author={Genovese, Valerio and Garg, Deepak and Rispoli, Daniele},
  title={Labeled Sequent Calculi for Access Control Logics: Countermodels, Saturation, and Abduction},
  year=2012,
  booktitle=CSF,
  doi={10.1109/CSF.2012.11}, 
}

@inproceedings{HirschC13,
  author={Hirsch, Andrew K. and Clarkson, Michael R.},
  title = {Belief Semantics of Authorization Logic},
  year={2013},
  booktitle = CCS,
  doi = {10.1145/2508859.2516667},
}

@inproceedings{ClaessenLS11,
  author = {Claessen, Koen and Lilliestr\"om, Ann and Smallbone, Nicholas},
  title = {Sort It Out with Monotonicity: Translating between Many-Sorted and Unsorted First-Order Logic},
  year = {2011},
  booktitle = CADE,
  doi = {10.1007/978-3-642-22438-6\_17}
  }

@inproceedings{AppelF99,
  author={Appel, Andrew W. and Felten, Edward W.},
  title = {Proof-Carrying Authentication},
  year=1999,
  booktitle = CCS,
  doi={10.1145/319709.319718}
}


@inproceedings{AhmedJW03,
  author = {Ahmed, Amal and Jia, Limin and Walker, David},
  title = {Reasoning about Hierarchical Storage},
  year = {2003},
  booktitle = LICS,
  doi={10.1109/LICS.2003.1210043}
}

@inproceedings{JiaW04,
  author = {Jia, Limin and Walker, David},
  title = {Modal Proofs as Distributed Programs},
  year = {2004},
  booktitle = ESOP,
  doi={10.1007/978-3-540-24725-8_16}
}

@inproceedings{RajaniGR16,
  author = {Rajani, Vincent and Garg, Deepak and Rezk, Tamara},
  title = {On Access Control, Capabilities, Their Equivalence, and Confused Deputy Attacks},
  year={2016},
  booktitle=CSF,
  doi={10.1109/CSF.2016.18}
}
@misc{Yang12,
  author={Yang, Edward Z.},
  title= {Logitext},
  year={2012},
  url={http://logitext.mit.edu/main},
  note={Accessed February 19, 2019}
}

@techreport{HirschACAT19-TR,
  author = {Hirsch, Andrew K. and de Amorim, Pedro and Cecchetti, Ethan and Arden, Owen and Tate, Ross},
  title = {First-Order Logic for Flow-Limited Authorization: Technical Report},
  year = {2019},
  institution={Cornell},
  }

@inproceedings{Algehed18,
  author = {Algehed, Maximilian},
  title = {Short Paper: A Perspective on the Dependency Core Calculus},
  year = {2018},
  booktitle = PLAS,
  doi={10.1145/3264820.3264823}
}

@inproceedings{JiaZ09,
  author = {Jia, Limin and Zdancewic, Steve},
  title = {Encoding Information Flow in \textsc{Aura}},
  year=2009,
  booktitle = PLAS,
  doi={10.1145/1554339.1554344}
}

@inproceedings{Becker10,
  author = {Becker, Moritz Y.},
  title = {Information Flow in Credential Systems},
  year=2010,
  booktitle= CSF,
  doi={10.1109/CSF.2010.19}
}
  
@book{Jacobs99,
  author = {Jacobs, Bart},
  title = {Categorical Logic and Type Theory},
  publisher = {Elsevier},
  series = {Studies in Logic and The Foundations of Mathematics},
  year = {1999},
  isbn = {0-444-50853-8},
}

@book{Takeuti87,
  author = {Takeuti, Gaisi},
  title = {Proof Theory},
  year = 1987,
  publisher = {Dover Books},
  series = {Dover Books on Mathematics},
  isbn = {0-486-49073-4},
  note = {{Second Edition, republished by Dover Books in 2013. Originally published by North-Holland, Amsterdam}}
}

@inproceedings{Pfenning95,
  author = {Pfenning, Frank},
  title = {Structural Cut Elimination},
  year = {1995},
  booktitle = LICS,
  month = {June},
  doi={10.1109/LICS.1995.523253}
}

@inproceedings{Caldwell98,
  author = {Caldwell, James L.},
  title = {Classical Propositional Decidability via Nuprl Proof Extraction},
  year = {1998},
  journal = TPHOLs, 
  doi={10.1007/BFb0055132}
}

@article{Andreoli92,
  title={Logic programming with focusing proofs in linear logic},
  author={Andreoli, Jean-Marc},
  journal=JLC,
  volume={2},
  number={3},
  year={1992},
  doi={10.1093/logcom/2.3.297}
}

@book{GirardLT89,
  title = {Proofs and Types},
  author = {Girard, Jean-Yves and Lafont, Yves and Taylor, Paul},
  publisher = {Cambridge University Press},
  series = {Cambridge Tracts in Theoretical Computer Science},
  year = 1989,
  isbn={978-0521371810},
  doi={10.2307/2274726}
}

@article{Chargueraud12,
  title = {The Locally Nameless Representation},
  author = {Chargu\'{e}raud, Arthur},
  journal = JAR,
  volume = {49},
  number = {3},
  year = {2012},
  month = {October},
  doi = {10.1007/s10817-011-9225-2}
}

@techreport{ArdenLM15-TR,
    title = "Flow-Limited Authorization: Technical Report",
    author = {Arden, Owen and Liu, Jed and Myers, Andrew C.},
    key = "FLAM",
    institution = "Cornell University Computing and Information Science",
    number={1813--40138},
    @url={http://hdl.handle.net/1813/40138},
    month = May,
    year = 2015
}

@inproceedings{ArdenLM15,
    title = "Flow-Limited Authorization",
    booktitle = CSF,
    year = 2015,
    author = {Arden, Owen and Liu, Jed and Myers, Andrew C.},
    doi={10.1109/CSF.2015.42}
}

@inproceedings{ArdenM16,
    title = "A Calculus for Flow-Limited Authorization",
    booktitle = CSF,
    year = 2016,
    author = {Arden, Owen and Myers, Andrew C.},
    doi={10.1109/CSF.2016.17}
}

@inproceedings{HowellK00,
  title={A Formal Semantics for {SPKI}},
  author={Howell, Jon and Kotz, David},
  year = 2000,
  booktitle = ESORICS,
  doi={10.1007/10722599_9}
}

@article{BeckerFG10,
  title={{SecPAL}: Design and semantics of a decentralized authorization language},
  author={Becker, Moritz Y and Fournet, C{\'e}dric and Gordon, Andrew D},
  journal=JCS,
  volume={18},
  number={4},
  year = 2010,
  month= {June},
  doi={10.3233/JCS-2009-0364}
}

@article{SchneiderWS11,
 author = {Schneider, Fred B. and Walsh, Kevin and Sirer, Emin G\"{u}n},
 title = {{Nexus Authorization Logic} ({NAL}): Design Rationale and Applications},
 journal = TISSEC,
 volume = {14},
 number = {1},
 month = jun,
 year = 2011,
 doi = {10.1145/1952982.1952990},
}

@inproceedings{LampsonABW91,
  author = "Butler Lampson and Mart{\'\i}n Abadi and Michael Burrows and
		Edward Wobber",
  title = "Authentication in Distributed Systems: Theory and Practice",
  booktitle = SOSP,
  year = 1991,
  doi={10.1145/138873.138874}
}

@inproceedings{Abadi06,
 author = {Abadi, Mart\'{\i}n},
 title = {Access Control in a Core Calculus of Dependency},
 booktitle = ICFP,
 year = 2006,
 doi = {10.1145/1159803.1159839},
}

@inproceedings{SirerDBRSWWS11,
 title = "Logical Attestation: An Authorization Architecture for Trustworthy Computing",
 author = "Emin G{\"u}n Sirer and Willem De Bruijin and Patrick Reynolds and Alan Shieh and Kevin Walsh and Dan Williams and Fred B. Schneider",
 booktitle = SOSP,
 year = 2011,
 doi={10.1145/2043556.2043580}
}

@Manual{Coq04,
  title =        {The Coq proof assistant reference manual},
  author =       {\mbox{The Coq development team}},
  organization = {LogiCal Project},
  note =         {Version 8.0},
  year =         {2004},
  url =          "http://coq.inria.fr"
}

@inproceedings{JiaVMZZSZ08,
    author = {Jia, Limin and Vaughan, Jeffrey A. and Mazurak, Karl and Zhao, Jianzhou and Zarko, Luke and Schorr and Joseph and Zdancewic, Steve},
    title = "\textsc{Aura}: A Programming Language for Authorization and Audit",
    booktitle = ICFP,
    year = 2008,
    doi={10.1145/1411204.1411212}
}

@inproceedings{AbadiBJHR99,
    author = {Abadi, Mart{\'i}n and Banerjee, Anindya and Heintze, Nevin and Riecke, Jon},
    title = "A Core Calculus of Dependency",
    booktitle= POPL,
    year = 1999,
    doi={10.1145/292540.292555}
}

@inproceedings{MilanoM18,
    author = {Milano, Matthew P. and Myers, Andrew C.},
    title = {{MixT}: A Language for Mixing Consistency in Geodistributed Transactions},
    booktitle = PLDI,
    year = 2018,
    doi={10.1145/3192366.3192375}
}

@inproceedings{ZhengM05,
    author = {Zheng, Lantian and Myers, Andrew C.},
    title = {End-to-End Availability Policies and Noninterference},
    booktitle = CSFW,
    year = 2005,
    doi={10.1109/CSFW.2005.16}
}

@article{VolpanoSI96,
	author = {Volpano, Dennis and Smith, Geoffrey and Irvine, Cynthia},
	title = "A Sound Type System for Secure Flow Analysis",
	journal = JCS,
	volume = 4,
	number = 3,
	year = 1996,
	month={April},
	doi={10.3233/JCS-1996-42-304}
}

@article{Denning76,
	author = {Denning, Dorothy E.},
	title = "A Lattice Model of Secure Information Flow",
	journal = CACM,
	volume = 19,
	number = 5,
	year = 1976,
	month = {May},
	doi ={10.1145/360051.360056}
}

@inproceedings{GoguenM82,
	author = {Goguen, Joseph A. and Meseguer, Jose},
	title = "Security Policies and Security Models",
	booktitle = SSP,
	year = 1982,
	doi = {10.1109/SP.1982.10014}
	}

@inproceedings{GargP06,
    title={Non-interference in constructive authorization logic},
    author={Garg, Deepak and Pfenning, Frank},
    booktitle =	CSFW,
    year = 2006,
    doi={10.1109/CSFW.2006.18}
}

@inproceedings{ZdancewicM01,
  author = {Zdancewic, Steve and Myers, Andrew C.},
  title =  "Robust Declassification",
  booktitle = CSFW,
  year =   2001,
  doi={10.1109/CSFW.2001.930133}
}

@InProceedings{SabelfeldM04,
  author = 	 {Sabelfeld, Andrei and Myers, Andrew C.},
  title = 	 {A Model for Delimited Information Release},
  booktitle = 	 ISSS,
  year =	 2004,
  doi = {10.1007/978-3-540-37621-7_9}
}

@InProceedings{MantelS04,
  author = 	 {Mantel, Heiko and Sands, David},
  title = 	 {{Controlled Declassification based on Intransitive Noninterference}},
  booktitle = 	 APLAS,
  year = 	 {2004},
  doi={10.1007/978-3-540-30477-7_9}
}

@InProceedings{LiZ05,
  author = 	 {Li, Peng and Zdancewic, Steve},
  title = 	 {Downgrading Policies and Relaxed Noninterference},
  year = 	 2005,
  booktitle = 	 POPL,
  doi={10.1145/1040305.1040319}
}

@InProceedings{SabelfeldS05,
  author = 	 {Sabelfeld, Andrei and Sands, David},
  title = 	 {Dimensions and Principles of Declassification},
  booktitle =    CSFW,
  year =	 2005,
  doi={10.1109/CSFW.2005.15}
}

@article{MyersSZ06,
    author = {Myers, Andrew C. and Sabelfeld, Andrei and Zdancewic, Steve},
    title = "Enforcing Robust Declassification and Qualified Robustness",
    journal = JCS,
    volume = 14,
    number = 2,
    year = 2006,
    month = {May},
    doi={10.3233/JCS-2006-14203}
}

@inproceedings{ChongM08,
  author = {Chong, Stephen and Myers, Andrew C.},
  title =  "End-to-End Enforcement of Erasure and Declassification",
  booktitle = CSF,
  year = 2008,
  doi = {10.1109/CSF.2008.12}
}

@article{AskarovMyers11,
    title = "Attacker Control and Impact for Confidentiality and Integrity",
    author = {Askarov, Aslan and Myers, Andrew C.},
    journal = LMCS,
    volume = 7,
    number = 3,
    month = sep,
    year = 2011,
    doi={10.2168/LMCS-7(3:17)2011}
}

@InProceedings{WayeBKCR15,
  author =    {Waye, Lucas and Buiras, Pablo and King, Dan and Chong, Stephen and Russo, Alejandro},
  title =     {It's My Privilege: Controlling Downgrading in {DC}-Labels},
  booktitle = STM,
  year =      2015,
  doi={10.1007/978-3-319-24858-5_13}
}

@inproceedings{CecchettiMA17,
    author = {Cecchetti, Ethan and Myers, Andrew C. and Arden, Owen},
    title = "Nonmalleable Information Flow Control",
    booktitle = CCS,
    year = 2017,
    doi={10.1145/3133956.3134054}
}

@techreport{CecchettiMA17-tr,
    title = "Nonmalleable Information Flow Control: Technical Report",
    author = {Cecchetti, Ethan and Myers, Andrew C. and Arden, Owen},
    institution = "Cornell University Computing and Information Science",
    @url = {https://arxiv.org/abs/1708.08596},
    year = 2017,
}

@inproceedings{Moggi89,
  author = {Moggi, Eugenio},
  title = {Computational Lambda-Calculus and Monads},
  booktitle = LICS,
  year = {1989},
  doi={10.1109/LICS.1989.39155}
}
@inproceedings{PeytonJonesW93,
  author = {Peyton Jones, Simon and Wadler, Philip},
  title = {Imperative Functional Programming},
  booktitle = POPL,
  year = {1993},
  doi= {10.1145/158511.158524}
}
@inproceedings{Tate13,
  author = {Tate, Ross},
  title = {The Sequential Semantics of Producer Effect Systems},
  booktitle = POPL,
  year = {2013},
  doi={10.1145/2429069.2429074}
}

@inproceedings{UustaluV08,
  author = {Uustalu, Tarmo and Vene, Varmo},
  title = {Comonadic Notions of Computation},
  booktitle = CMCS,
  year = {2008},
  doi={10.1016/j.entcs.2008.05.029}
}

@inproceedings{WadlerT98,
  author = {Wadler, Philip and Thiemann, Peter},
  title = {The Marriage of Effects and Monads},
  booktitle = ICFP,
  year = {1998},
  doi={10.1145/289423.289429}
}

@inproceedings{PetricekOM12,
  author={Petricek, Tomas and Orchard, Dominic and Mycroft, Alan},
  title={Coeffects: Unified Static Analysis of Context Dependence},
  booktitle=ICALP,
  year={2012},
  doi={10.1007/978-3-642-39212-2_35}
}

@inproceedings{PetricekOM14,
  author={Petricek, Tomas and Orchard, Dominic and Mycroft, Alan},
  title={Coeffects: A Calculus of Context-Dependent Computation},
  booktitle=ICFP,
  year={2014},
  doi={10.1145/2628136.2628160}
}

@article{Atkey09,
 author = {Atkey, Robert},
 title = {Parameterised Notions of Computation},
 journal = JFP,
 volume = 19,
 number = {3--4},
 year = {2009},
 month = {July},
 doi= {10.1017/S095679680900728X}
} 

@inproceedings{Filinski99,
 author = {Filinski, Andrzej},
 title = {Representing Layered Monads},
 booktitle = POPL,
 year = {1999},
 doi={10.1145/292540.292557}
} 

@article{Hughes00,
 author = {Hughes, John},
 title = {Generalising Monads to Arrows},
 journal = SCP,
 volume = 37,
 number = {1--3},
 year = {2000},
 month = {May},
 doi={10.1016/S0167-6423(99)00023-4}
} 


@article{Hyland06,
 author = {Hyland, Martin and Plotkin, Gordon and Power, John},
 title = {Combining Effects: Sum and Tensor},
 journal = TCS,
 volume = 357,
 number = {1--3},
 year = 2006,
 month = {July},
 doi={10.1016/j.tcs.2006.03.013}
}

@inproceedings{Luth02,
 author = {L\"{u}th, Christoph and Ghani, Neil},
 title = {Composing Monads Using Coproducts},
 booktitle = ICFP,
 year = {2002},
 doi={10.1145/581478.581492}
} 

@inproceedings{Lucassen88,
 author = {Lucassen, J. M. and Gifford, D. K.},
 title = {Polymorphic Effect Systems},
 booktitle = POPL,
 year = {1988},
 doi={10.1145/73560.73564}
}

@article{PowerW02,
  author = {Power, John and Watanabe, Hiroshi},
  title = {{Combining a monad and a comonad}},
  journal = TCS,
  volume = 280,
  number = {1--2},
  year = {2002},
  month = May,
  doi={10.1016/S0304-3975(01)00024-X}
}

@Article{Kock72,
author={Kock, Anders},
title="Strong functors and monoidal monads",
journal=AdM,
volume=23,
number=1,
year = 1972,
month = December,
doi={10.1007/BF01304852}
}

@inproceedings{OrchardM13,
author={Orchard, Dominic and Mycroft, Alan},
chapter="A Notation for Comonads",
title="Implementation and Application of Functional Languages",
year=2013,
doi={10.1007/978-3-642-41582-1_1}
}

@inproceedings{AltenkirchCU15,
  author={Altenkirch, Thorsten and Chapman, James and Uustalu, Tarmo},
  title={Monads Need Not Be Endofunctors},
  booktitle= FOSSACS,
  year={2015},
  doi={10.1007/978-3-642-12032-9_21}
}

@techreport{JonesH93,
  author = {Jones, Mark P. and Hudak, Paul},
  title = {Implicit and Explict Parallel Programming in Haskell},
  institution = {Yale University},
  year={1993},
  url={http://web.cecs.pdx.edu/~mpj/pubs/par.html}
}

@article{PlotkinP03,
  author = {Plotkin, Gordon and Power, John},
  title = {Algebraic Operations and Generic Effects},
  journal = ACS,
  volume = 11,
  number = 1,
  year = {2003},
  month = {February},
  doi={10.1023/A:1023064908962}
}

@article{HylandBLPP07,
  author = {Hyland, Martin and Levy, Paul Blain and Plotkin, Gordon and Power, John},
  title = {Combining Algebraic Effects with Continuations},
  journal = TCS,
  volume = 375,
  number = {1--3},
  year = {2007},
  month = {May},
  doi={10.1016/j.tcs.2006.12.026}
}

@inproceedings{PlotkinP09,
  author = {Plotkin, Gordon and Pretnar, Matija},
  title = {Handlers of Algebraic Effects},
  year = {2009},
  journal = ESOP,
  doi={10.1007/978-3-642-00590-9_7}
}

@inproceedings{PlotkinP08,
  author = {Plotkin, Gordon and Pretnar, Matija},
  title = {A Logic for Algebraic Effects},
  year = {2008},
  journal = LICS,
  doi={10.1109/LICS.2008.45}
}

@phdthesis{Pretnar10,
  author = {Pretnar, Matija},
  title = {The Logic and Handling of Algebraic Effects},
  school = {School of Informatics, The University of Edinburgh},
  year = {2010},
  url = {http://hdl.handle.net/1842/4611}
}

@article{BauerP15,
  author = {Bauer, Andrej and Pretnar, Matija},
  title = {Programming with Algebraic Effects and Handlers},
  journal = JLAMP,
  volume = 84,
  number = 1,
  year = {2015},
  month = {January},
  doi = {10.1016/j.jlamp.2014.02.001}
}

@inproceedings{HicksBGLS14,
  author = {Hicks, Michael and Bierman, Gavin and Guts, Nataliya and Leijen, Daan and Swamy, Nikhil},
  title = {Polymonadic Programming},
  year = {2014},
  booktitle = MSFP,
  doi={10.4204/EPTCS.153.7}
}

@techreport{BrookesVS93,
author = {Brookes, Stephen and van Stone, Katheryn},
title = "Monads and Comonads in Intensional Semantics",
year = 1993,
url = "https://www.cs.cmu.edu/~brookes/papers/MonadsComonads.pdf",
institution = "Carnegie Mellon University Department of Computer Science",
number = "CMU-CS-93-140",
}

@inproceedings{Katsumata14,
  author = {Katsumata, Shin-ya},
  title = "Parametric Effect Monads and Semantics of Effect Systems",
  year = 2014,
  booktitle = POPL,
  doi={10.1145/2535838.2535846}
}

@incollection{NielsonN99,
  author    = {Nielson, Flemming and Nielson, Hanne Riis},
  title     = {Type and Effect Systems},
  booktitle = {Correct System Design, Recent Insight and Advances, (to Hans Langmaack on the occasion of his retirement from his professorship at the University of Kiel)},
  year      = {1999},
  publisher = {Springer},
  doi       = {10.1007/3-540-48092-7\_6},
}

@inproceedings{MarinoM09,
  author = {Marino, Daniel and Milstein, Todd},
  title = {A Generic Type-and-Effect System},
  booktitle = TLDI,
  year = {2009},
  doi = {10.1145/1481861.1481868}
}

@article{Nielson96,
  author = {Nielson, Flemming},
  title = {Annotated Type and Effect Systems},
  journal = CSUR,
  volume = 28,
  number = 2,
  year = {1996},
  month = {June},
  doi = {10.1145/234528.234745}
}

@inproceedings{AriolaFMOW95,
 author = {Ariola, Zena M. and Felleisen, Matthias and Maraist, John and Odersky, Martin and Wadler, Philip},
 title = {A Call-By-Need Lambda Calculus},
 booktitle = POPL,
 year = {1995},
 doi={10.1145/199448.199507}
}

@article{Girard87,
  author = {Girard, Jean-Yves},
  title = {Linear Logic},
  journal = TCS,
  volume = 50,
  number = 1,
  year = 1987,
  doi={10.1016/0304-3975(87)90045-4}
}

@inproceedings{BlainLevy99,
 author={Levy, Paul Blain},
 title = {Call-By-Push-Value: A Subsuming Paradigm},
 booktitle = TLCA,
 year = {1999},
 doi={10.1007/3-540-48959-2_17}
}

@phdthesis{BlainLevy01,
 author={Levy, Paul Blain},
 title={Call-By-Push-Value},
 school={Queen Mary and Westfield College University of London},
 year = {2001},
 month={March},
 url = {http://www.cs.bham.ac.uk/~pbl/papers/thesisqmwphd.pdf}
}

@inproceedings{MaraistOTW95,
  author = {Maraist, John and Odersky, Martin and Turner, David and Wadler, Philip},
  title = {Call-By-Name, Call-By-Value, Call-By-Need, and the Linear Lambda Calculus},
  booktitle = MFPS,
  year = 1995,
  doi={10.1016/S1571-0661(04)00022-2}
}

@article{Plotkin75,
    author = {Plotkin, Gordon},
    title = {Call-By-Name, Call-By-Value, and the $\lambda$-Calculus},
    journal = TCS,
    volume = 1,
    number = 2,
    year = 1975,
    month = {December},
    doi={10.1016/0304-3975(75)90017-1}
}
  
@inproceedings{Wadler03,
  author = {Wadler, Philip},
  title = {Call-By-Value is Dual to Call-By-Name},
  booktitle = ICFP,
  year = {2003},
  doi = {10.1145/944705.944723}
}

@phdthesis{Smith89,
  author = {Smith, Scott F.},
  title  = {Partial Objects in Type Theory},
  school = {Cornell University},
  year   = {1989},
  url    = {http://hdl.handle.net/1813/6778}
}

@article{SabryW97,
  author={Sabry, Amr and Wadler, Philip},
  title={A Reflection on Call-by-Value},
  journal=TOPLAS,
  year = 1997,
  doi={10.1145/944705.944723}
}

@phdthesis{Schellinx94,
  author={Schellinx, Harold},
  title = {The Noble Art of Linear Decorating},
  school = {Unerversiteit van Amsterdam},
  year = {1994},
  url={https://hdl.handle.net/11245/1.104138}
}

@inproceedings{Wadler93,
  author={Wadler, Philip},
  title={A Taste of Linear Logic},
  booktitle= MFCS,
  year = {1993},
  doi={10.1007/3-540-57182-5_12}
}

@misc{PeytonJones98,
  author={Peyton Jones, Simon},
  title={Haskell 98 Language and Libraries: The Revised Report},
  year={1998},
  url={https://www.haskell.org/definition/haskell98-report.pdf},
}

@book{MacLane69,
  author = {Mac Lane, Saunders},
  title = {Categories for the Working Mathematician},
  year = {1969},
  publisher = {Springer},
  doi = {10.1007/978-1-4612-9839-7}
}

@article{Landin64,
author = {Landin, P. J.}, 
title = {The Mechanical Evaluation of Expressions},
journal = TCJ,
volume = 6,
number = 4,
year = {1964},
month = {January},
doi={10.1093/comjnl/6.4.308}
}

@article{Gentzen34,
  author = {Gentzen, Gerhard},
  title = {Untersuchungen {\"u}ber das logische Schlie{\ss}en I},
  journal = {Mathematische Zeitschrift},
  volume = 39,
  number = 1,
  year = {1935},
  month = {December},
  doi={10.1007/BF01201353}
}

@article{Gentzen35,
  author = {Gentzen, Gerhard},
  title = {Untersuchungen {\"u}ber das logische Schlie{\ss}en II},
  journal = {Mathematische Zeitschrift},
  volume = 39,
  number = 1,
  year = {1935},
  month = {December},
  doi={10.1007/BF01201363}
}

@inproceedings{FischerKS09,
  author    = {Fischer, Sebastian and Kiselyov, Oleg and Shan, Chung{-}chieh},
  title     = {Purely functional lazy nondeterministic programming},
  journal   = ICFP,
  year      = {2009},
  doi       = {10.1145/1596550.1596556}
}

@inproceedings{BrasselC08,
  author    = {Bra{\ss}el, Bernd and Christiansen, Jan},
  title     = {A Relation Algebraic Semantics for a Lazy Functional Logic Language},
  booktitle = RelMiCS,
  year      = {2008},
  doi       = {10.1007/978-3-540-78913-0_5}
}

@inproceedings{Riesco10,
  author    = {Riesco, Adri{\'{a}}n and Rodr{\'{\i}}guez{-}Hortal{\'{a}}, Juan},
  title     = {Programming with singular and plural non-deterministic functions},
  booktitle = PEPM,
  year      = {2010},
  doi       = {10.1145/1706356.1706373}
}

@inproceedings{Javier07,
  author    = {L{\'{o}}pez{-}Fraguas, Francisco Javier and Rodr{\'{\i}}guez{-}Hortal{\'{a}}, Juan and S{\'{a}}nchez{-}Hern{\'{a}}ndez, Jaime},
  title     = {A simple rewrite notion for call-time choice semantics},
  booktitle = PPDP,
  year      = {2007},
  doi       = {10.1145/1273920.1273947}
}

@inproceedings{HanusKM95,
  author = {Hanus, Michael and Kuchen, Herbert and Moreno-Navarro, Juan Jos\'{e}},
  title = {Curry: A Truly Functional Logic Language},
  year = {1995},
  booktitle = {Visions for the Future of Logic Programming}
}

@book{LoverdosS10,
  author = {Loverdos, Christos K. K. and Syropolous, Apostolos},
  title = {Steps in Scala: An Introduction to Object-Functional Programming},
  year = {2010},
  publisher = {Cambridge University Press},
  doi={10.1017/CBO9780511778735}
}

@article{ChurchR36,
  author = {Church, Alonzo and Rosser, J.B.},
  title = {Some Properties of Conversion},
  year = {1936},
  journal = TAMS,
  volume={39},
  number={3},
  month={May},
  doi = {10.2307/1989762}
}

@inproceedings{BrunelGMZ14,
  author = {Brunel, Alo{\"{i}}s and Gaboardi, Marco and Mezza, Damiano and Zdancewic, Steve},
  title  = {A Core Quantitative Coeffect Calculus},
  booktitle = ESOP,
  year = {2014},
  doi = {10.1007/978-3-642-54833-8_19}
}

@inproceedings{Beck06,
  author = {Beck, Jon},
  title = {Distributive Laws},
  booktitle = STCHT,
  year = {2006},
  doi = {10.1007/BFb0083084}
}

@inproceedings{UustaluV05,
  author = {Uustalu, Tarmo and Vene, Varmo},
  title = {Signals and Comonads},
  booktitle = BSPL,
  year = {2005},
  doi = {10.3217/jucs-011-07-1311}
}

@inproceedings{BrookesG92,
  author = {Brookes, Stephen and Geva, Shai},
  title = {Computational Comonads and Intensional Semantics},
  booktitle = ACCS,
  year = {1992},
  doi = {10.1017/CBO9780511525902.003}
}

@article{BellinS94,
  author = {Bellin, Gianluigi and Scott, Philip J.},
  title = {On the $\pi$-calculus and Linear Logic},
  journal = TCS,
  volume = 135,
  number = 1,
  year = {1994},
  month = {December},
  doi={10.1016/0304-3975(94)00104-9}
}

@inproceedings{Wadler12,
  author = {Wadler, Philip},
  title = {Propositions as Sessions},
  booktitle = ICFP,
  year = {2012},
  doi = {10.1145/2364527.2364568}
}

@article{MilnerPW92,
  author = {Milner, Robin and Parrow, Joachim and Walker, David},
  title = {A Calculus of Mobile Processes, Part I},
  journal = IC,
  volume = 100,
  number = 1,
  year = {1992},
  month = {September},
  doi = {10.1016/0890-5401(92)90008-4}
}

@article{Abramsky94,
  author = {Abramsky, Samson},
  title = {Proofs as Processes},
  journal=TCS,
  year = {1994},
  doi={10.1016/0304-3975(94)00103-0}
}

@article{Wadler90,
  author = {Wadler, Philip},
  title = {Linear Types Can Change the World!},
  journal = {Programming Concepts and Methods},
  year = {1990},
  url = {https://homepages.inf.ed.ac.uk/wadler/topics/linear-logic.html#linear-types}
}

@misc{RustReference,
  author = {{The Rust Project Developers}},
  title = {The Rust Reference},
  url = {https://doc.rust-lang.org/reference.html},
  date = {July 6, 2016},
  year = {2016}
}

@inproceedings{GaboardiKOBU16,
  author={Gaboardi, Marco and Katsumata, Shin-ya and Orchard, Dominic and Breuvart, Flavien and Uustalu, Tarmo},
  title= {Combining Effects and Coeffects via Grading},
  booktitle= ICFP,
  year=2016,
  doi={10.1145/2951913.2951939}
}

@inproceedings{SabelfeldS99,
  author={Sabelfeld, Andrei and Sands, David},
  title={A {PER} Model of Secure Information Flow in Sequential Programs},
  booktitle= ESOP,
  year=1999,
  doi={10.1007/3-540-49099-X_4}
}

@article{WobberABL94,
 author = {Wobber, Edward and Abadi, Mart\'{\i}n and Burrows, Michael and Lampson, Butler},
 title = {Authentication in the {T}aos operating system},
 journal = TOCS,
 volume = 12,
 number = 1,
 month = {February},
 year = 1994,
 doi={10.1145/174613.174614}
} 

@inproceedings{LiMW02,
  author    = {Li, Ninghui and Mitchell, John C. and Winsborough, William H.},
  title     = {Design of a Role-Based Trust-Management Framework},
  year      = 2002,
  booktitle  = SSP,
  doi = {10.1109/SECPRI.2002.1004366}
}

@inproceedings{BeckerS04,
  author    = {Becker, Moritz Y. and Sewell, Peter},
  title     = {Cassandra: {D}istributed Access Control Policies with Tunable Expressiveness},
  year      = 2004,
  booktitle  = POLICY,
  doi = {10.1109/POLICY.2004.1309162}
}

@inproceedings{Jim01,
  author    = {Jim, Trevor},
  title     = {{SD3}: A Trust Management System with Certified Evaluation},
  year      = 2001,
  booktitle = SSP,
  doi={10.1109/SECPRI.2001.924291}
}

@inproceedings{DeTreville02,
  author    = {DeTreville, John},
  title     = {Binder, a Logic-Based Security Language},
  year      = 2002,
  booktitle = SSP,
  doi={10.1109/SECPRI.2002.1004365}
}

@inproceedings{BauerGMRRR05,
  author    = {Bauer, Lujo and Garriss, Scott and McCune, Jonathan M. and Reiter, Michael K. and Rouse, Jason and Rutenbar, Peter},
  title     = {Device-Enabled Authorization in the {G}rey System},
  year      = 2005,
  booktitle = ISC,
  doi       = {10.1007/11556992_31}
}

@inproceedings{FournetGM05,
  author    = {Fournet, C{\'e}dric and Gordon, Andrew D. and Maffeis, Sergio},
  title     = {A Type Discipline for Authorization Policies},
  year      = 2005,
  booktitle = ESOP,
  doi       = {10.1007/978-3-540-31987-0_11}
}

@inproceedings{PimlottK06,
  author    = {Pimlott, Andrew and Kiselyov, Oleg},
  title     = {Soutei, a Logic-Based Trust-Management System},
  year      = 2006,
  booktitle = FLOPS,
  doi       = {10.1007/11737414_10}
}

@article{CederquistCDEHL07,
  author    = {Cederquist, J. G. and Corin, Ricardo and Dekker, M. A. C. and Etalle, Sandro and den Hartog, J. I. and Lenzini, Gabriele},
  title     = {Audit-based compliance control},
  journal   = JIS,
  volume    = 6,
  number    = {2--3},
  year      = 2007,
  doi       = {10.1007/s10207-007-0017-y}
}

@inproceedings{CirilloJPR07,
  author    = {Cirillo, Andrew and Jagadeesan, Radha and Pitcher, Corin and Riely, James},
  title     = {{Do As I SaY}! {P}rogrammatic Access Control with Explicit Identities},
  year      = 2007,
  booktitle = CSF,
  doi       = {10.1109/CSF.2007.19}
}

@inproceedings{Lesniewski-LaasFSMK07,
  author    = {Lesniewski-Laas, Chris and Ford, Bryan and Strauss, Jacob and Morris, Robert and Kaashoek, M. Frans},
  title     = {Alpaca: extensible authorization for distributed services},
  year      = 2007,
  booktitle = CCS,
  doi       = {10.1145/1315245.1315299}
}

@inproceedings{GurevichN08,
  author    = {Gurevich, Yuri and Neeman, Itay},
  title     = {{DKAL}: {D}istributed-Knowledge Authorization Language},
  year      = 2008,
  booktitle = CSF,
  doi       = {10.1109/CSF.2008.8}
}

@article{AbadiBLP93,
  author = {Abadi, Mart\'{\i}n and Burrows, Michael and Lampson, Butler and Plotkin, Gordon},
  title = {A Calculus for Access Control in Distributed Systems},
  journal = TOPLAS,
  volume = 15,
  number = 4,
  month = sep,
  year = 1993,
  doi = {10.1145/155183.155225}
} 

@phdthesis{Howell00,
  author = {Howell, Jonathan},
  title = {Naming and Sharing Resources across Administrative Domains},
  school = {Dartmouth College},
  year = 2000,
  url = {https://www.cs.dartmouth.edu/~dfk/jonh/dissertation/thesis-final-single.pdf}
} 

@inproceedings{GargA08,
  author    = {Deepak Garg and Mart\'{\i}n Abadi},
  title     = {A Modal Deconstruction of Access Control Logics},
  year      = 2008,
  booktitle = FOSSACS,
  doi       = {10.1007/978-3-540-78499-9_16}
}

@article{Kripke63,
  author = {Kripke, Saul},
  title = {A semantical analysis of modal logic {I}: {N}ormal modal propositional calculi},
  journal = ZMLGM,
  volume = 9,
  note = {Announced in \textit{Journal of Symbolic Logic}, 24:323, 1959.},
  year = 1963,
  doi= {10.1002/malq.19630090502}
}

@book{HughesC96,
  author = {Hughes, George Edward and Cresswell, Max J.},
  title = {A New Introduction to Modal Logic},
  publisher = {Routledge},
  year = 1996,
  doi = {10.4324/9780203028100}
}

@book{FaginHMV95,
  author = {Fagin, Ronald and Halpern, Joseph Y. and Moses, Yoram and Vardi, Moshe Y.},
  title = {Reasoning About Knowledge},
  publisher = {MIT Press},
  address = {Cambridge, Massachusetts},
  year = 1995,
  isbn = {9780262061629}
}  

@article{Eberle74,
  author = {Eberle, Rolf A.},
  title = {A logic of believing, knowing and inferring},
  journal = Synthese,
  volume = 26,
  number = {3--4},
  year = 1974,
  month = {April},
  doi = {10.1007/BF00883100}
}

@techreport{MooreH79,
  author = {Moore, R.C. and Hendrix, G.},
  title = {Computational models of beliefs and the semantics of belief-sentences},
  number = 187,
  institution = {{SRI} {I}nternational},
  year = {1979}
}

@book{TroelstravD88a,
  author = {Troelstra, Anne Sjerp and van Dalen, Dirk},
  title = {Constructivism in Mathematics: Volume I},
  publisher = {Elsevier},
  year = 1988,
  series = {Studies in Logic and the Foundations of Mathematics},
  volume = 121,
}

@book{TroelstravD88b,
  author = {Troelstra, Anne Sjerp and van Dalen, Dirk},
  title = {Constructivism in Mathematics: Volume II},
  publisher = {Elsevier},
  year = 1988,
  series = {Studies in Logic and the Foundations of Mathematics},
  volume = 123,
  isbn = {9780444703583}
}

@inproceedings{Garg08,
  author = {Garg, Deepak},
  title = {Principal-centric Reasoning in Constructive Authorization Logic},
  year = 2008,
  booktitle = IMLA
}

@article{Wijesekera90,
  author = {Wijesekera, Duminda},
  title = {Constructive Modal Logics {I}},
  journal = PAL, 
  volume = 50,
  number = 3,
  month = dec,
  year = 1990,
  doi={10.1016/0168-0072(90)90059-B}
}

@phdthesis{Simpson94,
  author = {Simpson, Alex K.},
  title = {The Proof Theory and Semantics of Intuitionistic Modal Logic},
  school = {University of Edinburgh},
  year = 1994,
  url = {http://hdl.handle.net/1842/407}
}

@inproceedings{Parikh87,
  author = {Parikh, Rohit},
  title = {Knowledge and the Problem of Logical Omniscience},
  booktitle = ISMIS,
  year = 1987,
}

@article{Stalnaker91,
  author = {Stalnaker, Robert},
  title = {The Problem of Logical Omniscience, {I}},
  journal = Synthese,
  volume = 89,
  number = 3,
  year = 1991,
  month = {December},
  doi = {10.1007/BF00413506}
}

@inproceedings{Abadi08,
  author = {Abadi, Mart\'{\i}n},
  title = {Variations in Access Control Logic},
  year = 2008,
  booktitle = DEON,
  doi = {10.1007/978-3-540-70525-3_9}
} 

@book{Hintikka62,
  author = {Hintikka, Jaakko},
  title = {Knowledge and Belief},
  year = 1962,
  address = {Ithaca, New York},
  publisher = {Cornell University Press},
}

@inproceedings{PlotkinS86,
  author = {Plotkin, Gordon and Stirling, Colin},
  title = {A Framework for Intuitionistic Modal Logics},
  year = 1986,
  pages = {399--406},
  booktitle = TARK,
  url = {http://tark.org/proceedings/tark_mar19_86/proceedings.html}
}

@incollection{FischerServi81,
  author = {Fischer Servi, Gis\`{e}le},
  title = {Semantics for a Class of Intuitionistic Modal Calculi},
  year = 1981,
  booktitle = {Italian Studies in the Philosophy of Science},
  publisher = {Springer},
  doi = {10.1007/978-94-009-8937-5_5}
}

@article{Ewald86,
  author    = {Ewald, W. B.},
  title     = {Intuitionistic Tense and Modal Logic},
  journal   = JSL,
  volume    = 51,
  number    = 1,
  year      = 1986,
  month     = {March},
  doi       = {10.2307/2273953}
}

@book{SorensenU06,
  author = {S{\o}rensen, Morten Heine and Urzyczyn, Pave{\l}},
  title = {Lectures on the {Curry-Howard} Isomorphism},
  publisher = {Elsevier},
  year = 2006,
  series = {Studies in Logic and the Foundations of Mathematics},
  volume = 149,
  isbn = {9780444520777}
}

@book{vanDalen97,
 author = {van Dalen, Dirk},
 title = {Logic and Structure},
 year = 1997,
 publisher = {Springer},
 doi = {10.1007/978-1-4471-4558-5}
}

@article{NegrivP01,
  author = {Negri, Sara and von Plato, Jan},
  title = {Sequent Calculus in Natural Deduction Style},
  journal = JSL,
  volume = 66,
  number = 4,
  year = 2001,
  month = {March},
  doi = {10.2307/2694976}
}

@book{Chellas80,
  author = {Chellas, Brian F.},
  title = {Modal Logic: {An} Introduction},
  publisher = {Cambridge University Press},
  year = 1980,
  doi = {10.1017/CBO9780511621192}
}

@article{HakliN12,
  author = {Hakli, Raul and Negri, Sara},
  title = {Does the Deduction Theorem Fail for Modal Logic?},
  journal = Synthese,
  volume = 187,
  number = 3,
  year = 2012,
  month = {August},
  doi = {10.1007/s11229-011-9905-9}
}

@inproceedings{GenoveseGGP11,
  author = {Genovese, Valerio and Giordano, Laura and Gliozzi, Valentina and Pozzato, Gian Luca},
  title = {A Conditional Constructive Logic for Access Control and Its Sequent Calculus},
  year = 2011,
  booktitle = TABLEAUX,
  doi = {10.1007/978-3-642-22119-4_14}
}

@inproceedings{LiGF00,
  author    = {Li, Ninghui and Grosof, Benjamin N. and Feigenbaum, Joan},
  title     = {A Practically Implementable and Tractable Delegation Logic},
  year      = 2000,
  booktitle = SSP,
  doi       = {10.1109/SECPRI.2000.848444}
}

@book{vanDalen04,
  author = {van Dalen, Dirk},
  title = {Logic and Structure},
  year = 2004,
  publisher = {Springer},
  doi = {10.1007/978-1-4471-4558-5}
}

@article{Benabou63,
  author = {B\'enabou, Jean},
  title =  {Cat\'egories avec Multiplication},
  year = {1963},
  journal = CRASP,
  volume = {258},
  url={http://gallica.bnf.fr/ark:/12148/bpt6k3208j/f1965.image}
}

@article{MacLane63,
  author = {Mac Lane, Saunders},
  title = {Natural Associativiy and Commutativity},
  journal = {Rice University Studies},
  volume =49,
  number = 4,
  year = {1963},
  month = {September},
  url={http://hdl.handle.net/1911/62865}
}

@inproceedings{Lambek69,
  author={Lambek, Joachim},
  title={Deductive Systems and Categories II. Standard Constructions and Closed Categories},
  booktitle=CTHTTA,
  year={1969},
  doi={10.1007/BFb0079385}
}

@misc{Leinster98,
  author = {Leinster, Tom},
  url={https://arxiv.org/abs/math/9810053},
  title = {General Operads and Multicategories},
  year = {1998}
}

@article{Szabo75,
  author = {Szabo, M. E.},
  title = {Polycategories},
  journal = {Communications in Algebra},
  volume = {3},
  number = {8},
  year={1975},
  month = {November},
  doi={10.1080/00927877508822067}
}

@inproceedings{Filinski10,
  author = {Filinski, Andrzej},
  title = {Monads in Action},
  booktitle = POPL,
  year = {2010},
  doi = {10.1145/1706299.1706354},
}

@inproceedings{DeYoungCPT12,
  author =	{DeYoung, Henry and Caires, Lu{\'i}s and Pfenning, Frank and Toninho, Bernardo},
  title =	{Cut Reduction in Linear Logic as Asynchronous Session-Typed Communication},
  booktitle =	CSL,
  year =	{2012},
  doi =		{10.4230/LIPIcs.CSL.2012.228}
}

@inproceedings {Beffara05,
  author = {Beffara, Emmanuel},
  title = {A Concurrent Model for Linear Logic},
  booktitle = MFPS,
  year = {2005},
  doi = {10.1016/j.entcs.2005.11.055},
}

@article{BluteCS96,
  author={Blute, R. F. and Cockett, J. R. B. and Seely, R. A. G.},
  title={$\bang$ and $\query$: Storage as Tensorial Strength},
  journal={Mathematical Structures in Computer Science (MSCS)},
  volume={6},
  number={4},
  year={1996},
  month = {August},
  DOI={10.1017/S0960129500001055},
}

@techreport{Girard91,
  title = {A New Constructive Logic: Classical Logic},
  author = {Girard, Jean-Yves},
  number = {RR-1443},
  institution = {INRIA},
  year = {1991},
  url = {https://hal.inria.fr/inria-00075117/}
}

@article{HirschT18,
  title={Strict and Lazy Semantics of Effects: Layering Monads and Comonads},
  author={Hirsch, Andrew K. and Tate, Ross},
  year={2018},
  journal= ICFP,
  publisher={ACM},
  doi={10.1145/3236783}
}

@inproceedings{LiuGVQWM09,
  title = {Fabric: A Platform For Secure Distributed Computation and Storage},
  author = {Liu, Jed and George, Michael D. and Vikram, K. and Qi, Xin and Waye, Lucas and Myers, Andrew C.},
  booktitle = SOSP,
  year = 2009,
  doi={10.1145/1629575.1629606}
}

@inproceedings{CurienFM16,
  author = {Curien, Pierre-Louis and Fiore, Marcelo and Munch-Maccagnoni, Guillaume},
  title = {A Theory of Effects and Resources: Adjunction Models and Polarised Calculi},
  booktitle = POPL,
  year = {2016},
  doi = {10.1145/2837614.2837652},
}

@article{DanosH02,
  author = {Danos, Vincent and Harmer, Russell S.},
  title = {Probabilistic game semantics},
  journal = TOCL,
  volume = 3,
  number = 3,
  year = 2002,
  month = {July},
  doi = {10.1145/507382.507385},
}

@inproceedings{Winskel13,
  author = {Winskel, Glynn},
  booktitle = MFPS,
  title = {{Distributed probabilistic and quantum strategies}},
  year = {2013},
  doi = {10.1016/j.entcs.2013.09.024},
}

@inproceedings{Winskel15,
  author = {Winskel, Glynn},
  doi = {10.1007/978-3-319-25150-9_6},
  booktitle = ICTAC,
  title = {{On probabilistic distributed strategies}},
  year = {2015}
}

@inproceedings{JungT98,
  author = {Jung, Achim and Tix, Regina},
  doi = {10.1016/S1571-0661(05)80216-6},
  booktitle = {Workshop on Computation and Approximation (Comprox)},
  title = {{The troublesome probabilistic powerdomain}},
  year = {1998}
}

@inproceedings{Norell08,
  author = {Norell, Ulf},
  booktitle = AFP,
  title = {Dependently-Typed Programming in Agda},
  year = {2008},
  doi = {10.1007/978-3-642-04652-0_5}
}

@inproceedings{RussoCH08,
  author= {Russo, Alejandro and Claessen, Koen and Hughes, John},
  title = {A Library for Light-Weight Information-Flow Security in Haskell},
  booktitle = HASKELL,
  year={2008},
  doi={10.1145/1411286.1411289}
}

@inproceedings{TsaiRH07,
  author = {Tsai, Tsa-ching and Russo, Alejandro and Hughes, John},
  title = {A Library for Secure Multi-Threaded Information Flow in Haskell},
  booktitle= CSF,
  year={2007},
  doi={10.1109/CSF.2007.6}
}

@inproceedings{LiZ06,
  author={Li, Peng and Zdancewic, Steve},
  title = {Encoding Information Flow in Haskell},
  booktitle = CSFW,
  year={2006},
  doi = {10.1109/CSFW.2006.13}
}

@inproceedings{StefanRMM11,
  author={Stefan, Deian and Russo, Alejandro and Mitchell, John C. and Mazi\`{e}res, David},
  title = {Flexible Dynamic Information Flow Control in Haskell},
  booktitle = HASKELL,
  year = {2011},
  doi = {10.1145/2034675.2034688}
}

@inproceedings{Giry82,
  author={Giry, Mich\`ele},
  title = {A Categorical Approach to Probability Theory},
  booktitle = CATA,
  year = {1982},
  doi={10.1007/BFb0092872}
}

@article{Kozen81,
  author={Kozen, Dexter},
  title={Semantics of Probabilistic Programs},
  journal = {Journal of Computer and System Sciences},
  year= {1981},
  volume={22},
  number={3},
  month={June},
  doi={10.1016/0022-0000(81)90036-2}
}

@inproceedings{VakarKS19,
  author={V\'{a}k\'{a}r, Matthijs and Kammar, Ohad and Staton, Sam},
  title = {A Domain Theory for Statisical Probabilistic Programming},
  booktitle= POPL,
  year={2019},
  doi={10.1145/3290349}
}

@article{Blass92,
  author={Blass, Andreas},
  title = {A Game Semantics for Linear Logic},
  journal = PAL,
  year={1992},
  volume={56},
  number={1--3},
  month={April},
  doi={10.1016/0168-0072(92)90073-9}
}

@inproceedings{AbramskyJM94,
  author={Abramsky, Samson and Jagadeesan, Radha and Pasquale, Malacaria},
  title = {Full Abstraction for {PCF}},
  booktitle = TACS,
  year={1994},
  doi={10.1006/inco.2000.2930}
}

@inproceedings{HylandO93,
  author={Hyland, John Martin Elliot and Ong, Luke},
  title = {Pi-Calculus, dialogue games, and {PCF}},
  booktitle= FPLCA,
  year={1993},
  doi={10.1145/224164.224189}
}

@inproceedings{Mellies2007,
  author = {Melli{\`{e}}s, Paul Andr{\'{e}} and Tabareau, Nicolas},
  booktitle = LICS,
  doi = {10.1109/LICS.2007.41},
  title = {{Resource modalities in game semantics}},
  year = {2007}
}

@inproceedings{AbramskyM97,
  author={Abramsky, Samson and McCusker, Guy},
  booktitle= CSL,
  title = {Call-by-Value Games},
  year={1997},
  doi={10.1007/BFb0028004}
}

@inproceedings{HondaY97,
  author={Honda, Kohei and Yoshida, Nobuko},
  booktitle=ICALP,
  title = {Game Theoretic Analysis of Call-by-Value Computation},
  year={1997},
  doi={10.1007/3-540-63165-8_180}
}

@phdthesis{Zeilberger09,
  author={Zeilberger, Noam},
  title={The Logical Basis of Evaluation Order and Pattern-Matching},
  year={2009},
  school={Carnegie Mellon University},
  address = {Pittsburgh, Pennsylvania, USA},
  url = {http://reports-archive.adm.cs.cmu.edu/anon/2009/CMU-CS-09-122.pdf}
}

@article{DanosJS97,
  title={A New Deconstructive Logic: Linear Logic},
  author = {Danos, Vincent and Joinet, Jean-Baptiste and Schellinx, Harold},
  journal = {The Journal of Symbol Logic},
  year = 1997,
  volume= 62,
  number = 3,
  month = {September},
  doi = {10.2307/2275572}
}

@inproceedings{Parigot92a,
  author={Parigot, Michel},
  title={$\lambda\mu$-Calculus: An Algorithmic Interpretation of Classical Natural Deduction},
  booktitle={Logic Programming and Automated Reasoning},
  year={1992},
  doi={10.1007/BFb0013061}
}

@InProceedings{Parigot92b,
  author={Parigot, Michel},
  title={Free Deduction: An Analysis of ``Computations'' in Classical Logic},
  booktitle={Logic Programming},
  year={1992},
  doi={10.1007/3-540-55460-2_27}
}

@inproceedings{CurienH00,
  author = {Curien, Pierre-Louis and Herbelin, Hugo},
  title = {The Duality of Computation},
  booktitle = ICFP,
  year = {2000},
  doi = {10.1145/351240.351262},
}


@article{EggerMS14,
  author = {Egger, Jeff and M{\o}gelberg, Rasmus Ejlers and Simpson, Alex},
  title = {The Enriched Effect Calculus: Syntax and Semantics},
  journal = JLC,
  volume = {24},
  number = {3},
  year = {2014},
  month = {June},
  doi = {10.1093/logcom/exs025}
}

@book{Konolige86,
  author = {Konolige, Kurt},
  title = {A Deduction Model of Belief},
  year = 1986,
  publisher = {Morgan Kaufmann},
}

@inproceedings{GargP10,
  author = {Garg, Deepak and Pfenning, Frank},
  title = {Stateful Authorization Logic: Proof Theory and a Case Study},
  year = 2010,
  booktitle = STM,
  doi={10.3233/JCS-2012-0456}
}  

@inproceedings{Abadi03,
  author = {Abadi, Mart\'{\i}n },
  title = {Logic in Access Control},
  booktitle = LICS,
  year = 2003,
  doi = {10.1109/LICS.2003.1210062}
}

@inproceedings{MyersL98,
  author = {Myers, Andrew C. and Liskov, Barbara},
  title = "Complete, Safe Information Flow with Decentralized Labels",
  booktitle = SSP,
  year = 1998,
  doi = {10.1109/SECPRI.1998.674834}
}

@InProceedings{SwamyHTZ06,
  author = 	 {Swamy, Nikhil and Hicks, Michael and Tse, Stephen and Zdancewic, Steve},
  title =	 {Managing Policy Updates in Security-Typed Languages},
  booktitle =	 CSFW,
  year =	 2006,
  doi = {10.1109/CSFW.2006.17}
}

@inproceedings{SruthiWW08,
  title={A Trust Management Approach for Flexible Policy Management in Security-Typed Languages},
  author={Bandhakavi, Sruthi and Winsborough, William and Winslett, Marianne},
  booktitle= CSF,
  year = 2008,
  doi = {10.1109/CSF.2008.22}
}

@article{Becker12,
  title={Information flow in trust management systems},
  author={Becker, Moritz Y},
  journal= JCS,
  volume={20},
  number={6},
  year = 2012,
  month = {December},
  doi = {10.3233/JCS-2012-0443}
}

@inproceedings{FriedmanW76,
  title = {{CONS} should not Evaluate its Arguments},
  author = {Friedman, Daniel P. and Wise, David S.},
  booktitle=ICALP,
  year={1976},
  doi = {10.1145/130854.130858}
}

@phdthesis{Okasaki96,
  title={Purely Functional Data Structures},
  author = {Okasaki, Chris},
  school = {Carnegie Mellon University},
  year = {1996},
  url = {https://www.cs.cmu.edu/~rwh/theses/okasaki.pdf}
}

@inproceedings{Pnueli77,
  title={The Temporal Logic of Programs},
  author={Pnueli, Amir},
  booktitle = FOCS,
  year = {1977},
  doi = {10.1109/SFCS.1977.32}
}

@inproceedings{ClarksonFKMRS14,
  title={Temporal Logic for Hyperproperties},
  author = {Clarkson, Michael and Finkbeiner, Bernd and Koleini, Masoud and Micinski, Kristopher K. and Rabe, Markus N. and C\'{e}sar S\'{a}nchez},
  booktitle = POST,
  year = {2014},
  doi = {10.1007/978-3-642-54792-8_15}
}

@article{ClarksonS10,
  title={Hyperproperties},
  author={Clarkson, Michael and Schneider, Fred},
  journal= JCS,
  year={2010},
  volume={18},
  number={6},
  month={September},
  doi={10.3233/JCS-2009-0393}
}

@techreport{AlpernS85,
  title={Defining Liveness},
  author={Alpern, Bowen and Schneider, Fred},
  year={1985},
  institution={Cornell University},
  url = {https://hdl.handle.net/1813/6495}
}

@phdthesis{Murphy08,
  title={Modal Types for Mobile Code},
  year={2008},
  school={Carnegie Mellon University},
  author={Murphy, Tom},
  url = {http://www.cs.cmu.edu/~tom7/papers/modal-types-for-mobile-code.pdf}
}

@phdthesis{Montesi13,
  title={Choreographic Programming},
  year={2013},
  school={IT University of Copenhagen},
  author={Montesi, Fabrizio},
  url = {https://www.fabriziomontesi.com/files/choreographic_programming.pdf}
}

@inproceedings{PottierS02,
  title={Information Flow Inference for ML},
  year = {2002},
  booktitle=POPL,
  author={Pottier, Fran\c{}ois and Simonet, Vincent},
  doi={10.1145/503272.503302}
}

@article{SabelfeldM03,
  title={Language-Based Information-Flow Security},
  year={2003},
  journal=JSAC,
  author={Sabelfeld, Andrei and Myers, Andrew},
  doi={10.1109/JSAC.2002.806121},
  volume=21,
  number=1,
  month={September},
}

@inproceedings{CarboneM13,
  title={Deadlock-Freedom-by-Design: Multiparty Asynchronous Global Programming},
  author={Carbone, Marco and Montesi, Fabrizio},
  booktitle=POPL,
  year={2013},
  doi={10.1145/2429069.2429101}
}

@techreport{WangX17,
  title={A Survey of Reasoning Methods for Concurrent Systems},
  author={Wang, Chun-Kun and Xu, Hao},
  intitution={University of North Carolina at Chapel Hill},
  year={2017},
  url = {http://www.cs.unc.edu/techreports/17-005.pdf}
}

@inproceedings{CarboneMS14,
  title={Choreographies, Logically},
  author={Carbone, Marco and Montesi, Fabrizio and Sch\"{u}rmann, Carsten},
  year={2014},
  booktitle=CONCUR,
  doi={10.1007/978-3-662-44584-6_5}
}

@inproceedings{ZongyanXCH07,
  title={Towards the Theoretical Foundation of Choreography},
  author={Zongyan, Qiu and Xiangpeng, Zhao and Chao, Cai and Hongli, Yang},
  year={2007},
  booktitle=WWW,
  doi={10.1145/1242572.1242704}
}

@inproceedings{MurphyCH07,
  title={Type-safe Distributed Programming with {ML5}},
  author={Murphy {VII}, Tom and Crary, Karl and Harper, Robert},
  year={2007},
  booktitle=TGC,
  doi={10.1007/978-3-540-78663-4_9}
}

@inproceedings{KitchinQCM09,
  title={The Orc Programming Language},
  author={Kitchin, David and Quark, Adam and Cook, William R. and Misra, Jayadev},
  year={2009},
  booktitle=FMOODSFORTE,
  doi={10.1007/978-3-642-02138-1_1}
}

@inproceedings{Cruz-FilipeMP18,
  title={Communications in Choreographies, Revisited},
  author={Cruz-Filipe, Lu\'{i}s and Montesi, Fabrizio and Peresotti, Marco},
  year={2018},
  booktitle=SAC,
  doi = {10.1145/3167132.3167267}
}


@article{MisraC07,
  title={Computation Orchestration: A Basis for Wide-Area Computing},
  author={Misra, Jayadev and Cook, William R.},
  year={2007},
  month = {March},
  journal=SSM,
  volume={6},
  number={1},
  doi={10.1007/s10270-006-0012-1},
}

@inproceedings{Cruz-FilipeM17,
  title={A Core Model for Choreographic Programming},
  author = {Cruze-Filipe, Lu\'{i}s and Montesi, Fabrizio},
  year={2017},
  booktitle=FACS,
  doi={10.1007/978-3-319-57666-4\_3}
}

@inproceedings{PolakowS06,
  author = {Polakow, Jeff and Skalka, Christian},
  title = {Specifying Distributed Trust Management in {LolliMon}},
  booktitle=PLAS,
  year = {2006},
  doi = {10.1145/1134744.1134753}
}

@article{ChapinSW07,
  author = {Chapin, Peter and Skalka, Christian and Wang, X. Sean},
  title = {Authorization in Trust Management: Features and Foundations},
  volume = 40,
  number = 3,
  year = 2008,
  month = {August},
  journal = CSUR,
  doi={10.1145/1380584.1380587}
}

@misc{HirschC13Code,
  title={Belief Semantics of Authorization Logic Coq Code},
  author={Hirsch, Andrew K. and Clarkson, Michael R.},
  doi = {10.5281/zenodo.3352381},
  month = {November},
  year={2013},
}

@misc{Schneider2013,
  title={Personal Communication},
  author={Schneider, Fred B.},
  year={2013},
  note={January 31, 2013}
}

@inproceedings{DevrieseP11,
  title={Information Flow Enforcement in Monadic Libraries},
  author={Devriese, Dominique and Piessens, Frank},
  year={2011},
  booktitle=TLDI,
  doi={10.1145/1929553.1929564}
}

@inproceedings{HarrisonH05,
  title={Achieving Information Flow Security Through Precise Control of Effects},
  author={Harrison, William L. and Hook, James},
  year={2005},
  booktitle=CSFW,
  doi={10.1109/CSFW.2005.6}
}

@article{CraryKP05,
  title={A Monadic Analysis of Information Flow Security with Mutable State},
  author={Crary, Karl and Kliger, Aleksey and Pfenning, Frank},
  journal=JFP,
  volume=15,
  number=2,
  year={2005},
  month = {March},
  doi={10.1017/S0956796804005441}
}

@incollection{McBride16,
  title={I Got Plenty o' Nuttin'},
  author={McBride, Conor},
  year={2016},
  booktitle={A List of Successes That Can Change the World: Essays Dedicated to Philip Wadler on the Occasion of his 60th Birthday},
  publisher={Springer},
  doi={10.1007/978-3-319-30936-1_12}
}

@inproceedings{dePaivaR16,
  title={Fibrational Modal Type Theory},
  author={de Paiva, Valeria and Ritte, Eike},
  booktitle=LSFA,
  year={2016},
  doi={10.1016/j.entcs.2016.06.010}
}

@article{BirkedalCMMPS19,
  title={Modal Dependent Type Theory and Dependent Right Adjoints},
  author={Birkedal, Lars and Clouston, Ranald and Mannaa, Bassel and M{\o}gelberg, Rasmus Ejlers and Pitts, Andrew M. and Spitters, Bas},
  journal={ArXiV},
  year={2019},
  note={In Submission to Mathematical Structures in Computer Science},
  url={https://arxiv.org/abs/1804.05236}
}

@article{NanevskiPP07,
  title={Contextual Modal Type Theory},
  author={Nanevski, Aleksandar and Pfenning, Frank and Pientka, Brigitte},
  journal=TOCL,
  year={2007},
  volume=5,
  number={N},
  month={February},
  pages={1--48}
  doi={10.1016/j.entcs.2016.06.010}
}

@inproceedings{PlotkinP02,
  title={Notions of Computation Determine Monads},
  author={Plotkin, Gordon and Power, John},
  year=2002,
  booktitle=FOSSACS,
  doi={10.1007/3-540-45931-6_24}
}

@inproceedings{Power06,
  title={Semantics for Local Computational Effects},
  author={Power, John},
  year=2006,
  booktitle=MFPS,
  doi={10.1016/j.entcs.2006.04.018}

@inproceedings{Chlipala10,
  title={Ur: Statically-Typed Metaprogramming with Type-Level Record Computation},
  author={Chlipala, Adam},
  booktitle=PLDI,
  year=2010,
  doi={10.1145/1806596.1806612},
}

@inproceedings{Chlipala15,
  title={{Ur/Web}: A Simple Model for Programming the Web},
  author={Chlipala, Adam},
  booktitle=POPL,
  year=2015,
  doi={10.1145/2676726.2677004}
}

@article{ZdancewicZNM02,
  title={Secure Program Partitioning},
  author={Zdancewic, Steve and Zheng, Lantian and Nystrom, Nathaniel and Myers, Andrew C.},
  journal=TOCS,
  year=2002,
  volume=20,
  number=3,
  month={August},
  pages={283--328}
}

@inproceedings{CooperW09,
  title={The {RPC} Calculus},
  author={Cooper, Ezra E.K. and Wadler, Philip},
  year={2009},
  booktitle=PPDP,
  doi={10.1145/1599410.1599439}
}

@inproceedings{NeubauerT05,
  title={From Sequential Programs to Multi-Tier Applications by Program Transformation},
  author={Neubauer, Matthias and Thiemann, Peter},
  year=2005,
  booktitle=POPL,
  doi={10.1145/1040305.1040324},
}

@inproceedings{ZdancewicGM99,
  title={Principals in Programming Languages: A Syntactic Proof Technique},
  author={Zdancewic, Steve and Grossman, Dan and Morrisett, Greg},
  year=1999,
  booktitle=ICFP,
  doi={10.1145/317636.317799}
}

@inproceedings{CooperLWY06,
  title={Links: Web Programming Without Tiers},
  author={Cooper, Ezra and Lindley, Sam and Wadler, Philip and Yallop, Jeremy},
  year=2006,
  booktitle=FMCO,
  doi={10.1007/978-3-540-74792-5_12}
}